% This file was created with JabRef 2.8.1.
% Encoding: Cp1252


@misc{team2014mininet,
  title={Mininet},
  author={Team, Mininet},
  journal={2016-01-04]. http://mininet. org},
  year={2014}
}

@article{kreutz2015software,
  title={Software-defined networking: A comprehensive survey},
  author={Kreutz, Diego and Ramos, Fernando MV and Verissimo, Paulo Esteves and Rothenberg, Christian Esteve and Azodolmolky, Siamak and Uhlig, Steve},
  journal={Proceedings of the IEEE},
  volume={103},
  number={1},
  pages={14--76},
  year={2015},
  publisher={IEEE}
}

@article{feamster2013road,
  title={The road to SDN},
  author={Feamster, Nick and Rexford, Jennifer and Zegura, Ellen},
  journal={Queue},
  volume={11},
  number={12},
  pages={20},
  year={2013},
  publisher={ACM}
}

@article{rowshanrad2016performance,
  title={Performance evaluation of SDN controllers: Floodlight and OpenDaylight},
  author={Rowshanrad, Shiva and Abdi, Vajihe and Keshtgari, Manijeh},
  journal={IIUM Engineering Journal},
  volume={17},
  number={2},
  pages={47--57},
  year={2016}
}

@inproceedings{lantz2010network,
  title={A network in a laptop: rapid prototyping for software-defined networks},
  author={Lantz, Bob and Heller, Brandon and McKeown, Nick},
  booktitle={Proceedings of the 9th ACM SIGCOMM Workshop on Hot Topics in Networks},
  pages={19},
  year={2010},
  organization={ACM}
}

@article{sezer2013we,
  title={Are we ready for SDN? Implementation challenges for software-defined networks},
  author={Sezer, Sakir and Scott-Hayward, Sandra and Chouhan, Pushpinder Kaur and Fraser, Barbara and Lake, David and Finnegan, Jim and Viljoen, Niel and Miller, Marc and Rao, Navneet},
  journal={IEEE Communications Magazine},
  volume={51},
  number={7},
  pages={36--43},
  year={2013},
  publisher={IEEE}
}

@article{gomez2013openflow,
  title={OpenFlow: el protocolo del futuro},
  author={G{\'o}mez, Daniel Felipe Bland{\'o}n},
  journal={Revista P{\'a}ginas},
  number={93},
  pages={61--72},
  year={2013}
}

@misc{Mininet,
	author = {Mininet Team},
	title = {Mininet, an instant virtual network on your laptop (or other PC)},
	howpublished = "\url{http://mininet.org}",
	urldate = {2017-06-15}
}

@misc{odl,
  title = {{OpenDaylight: Open Source Programmable Networking Platform}},
  author = {OpenDaylight, a Linux Foundation Collaborative Project.},
  howpublished = "\url{http://www.opendaylight.org/software.}",
  year = {2017}, 
  note = "[Online. Accessed: July 2017.]"
}

@misc{fl,
	title = {Floodlight is an Open SDN Controller.},
	author = {Project Floodlight.},
	howpublished = "\url{http://www.projectfloodlight.org/Floodlight}",
	year = {2017}, 
	note = "[Online. Accessed: July 2017.]"
}

@misc{projectfloodlight, title={Floodlight OpenFlow Controller -}, url={http://www.projectfloodlight.org/floodlight/}, journal={Project Floodlight}}